<?xml version="1.0" encoding="UTF-8"?><collection xmlns="http://www.loc.gov/MARC21/slim"><record><leader>00396nam--2200145-i-4500</leader><controlfield tag="001">000014182</controlfield><controlfield tag="002">20161230</controlfield><controlfield tag="005">20161230201030</controlfield><controlfield tag="008">060222s1000------------r-----000-0-eng-d</controlfield><datafield ind1=" " ind2=" " tag="080"><subfield code="a">628.39:502.55:54</subfield></datafield><datafield ind1=" " ind2=" " tag="100"><subfield code="a">Bruggeman, W.A./S.A.</subfield></datafield><datafield ind1=" " ind2=" " tag="245"><subfield code="a">Reactions and processes</subfield></datafield><datafield ind1=" " ind2=" " tag="260"><subfield code="a">Berlin, Springer-verlag, 1982. Vii + 205 P</subfield></datafield><datafield ind1=" " ind2=" " tag="490"><subfield code="a">The Handbook Of Environmental Chemistry</subfield></datafield><datafield ind1=" " ind2=" " tag="852"><subfield code="a">49536</subfield></datafield></record></collection>